%% This BibTeX bibliography file was created using BibDesk.
%% http://bibdesk.sourceforge.net/




%% Saved with string encoding Unicode (UTF-8)


@comment{This file has been generated by Pybliographer}

@phdthesis{Benz:07,
	Author = {T. Benz},
	School = {University of Sttutgart},
	Title = {Small-strain stiffness of soils and its numerical consequences},
	url = "http://www.uni-stuttgart.de/igs/content/publications/IGS_Dissertationen/Diss_Benz.pdf",
	Year = 2007}

	
